@book{basseville1993detection,
  title={Detection of abrupt changes: theory and application},
  author={Basseville, Mich{\`e}le and Nikiforov, Igor V and others},
  volume={104},
  year={1993},
  publisher={Prentice Hall Englewood Cliffs}
}

@inproceedings{osadchy2015k,
  title={K-hyperplane Hinge-Minimax Classifier},
  author={Osadchy, Margarita and Hazan, Tamir and Keren, Daniel},
  booktitle={Proceedings of the 32nd International Conference on Machine Learning (ICML-15)},
  pages={1558--1566},
  year={2015}
}

@article{fisher1936use,
  title={The use of multiple measurements in taxonomic problems},
  author={Fisher, Ronald A},
  journal={Annals of eugenics},
  volume={7},
  number={2},
  pages={179--188},
  year={1936},
  publisher={Wiley Online Library}
},

@article{turk1991eigenfaces,
  title={Eigenfaces for recognition},
  author={Turk, Matthew and Pentland, Alex},
  journal={Journal of cognitive neuroscience},
  volume={3},
  number={1},
  pages={71--86},
  year={1991},
  publisher={MIT Press}
}

@book{duda2012pattern,
  title={Pattern classification},
  author={Duda, Richard O and Hart, Peter E and Stork, David G},
  year={2012},
  publisher={John Wiley \& Sons}
}

@article{tahmasebi2010application,
  title={Application of discriminant analysis for alteration separation; sungun copper deposit, East Azerbaijan, Iran},
  author={Tahmasebi, Pejman and Hezarkhani, Ardeshir and Mortazavi, Mojtaba},
  journal={Australian Journal of Basic and Applied Sciences},
  volume={6},
  number={4},
  pages={564--576},
  year={2010}
}

@inproceedings{gabel2015monitoring,
  title={Monitoring Least Squares Models of Distributed Streams},
  author={Gabel, Moshe and Keren, Daniel and Schuster, Assaf},
  booktitle={Proceedings of the 21th ACM SIGKDD International Conference on Knowledge Discovery and Data Mining},
  pages={319--328},
  year={2015},
  organization={ACM}
},

@article{bigGas,
  title={Reservoir computing compensates slow response of chemosensor arrays exposed to fast varying gas concentrations in continuous monitoring},
  author={Fonollosa, Jordi and Sheik, Sadique and Huerta, Ram{\'o}n and Marco, Santiago},
  journal={Sensors and Actuators B: Chemical},
  volume={215},
  pages={618--629},
  year={2015},
  publisher={Elsevier}
},

@misc{powerSupply,
  author={Zhu, X.},
  title = {Stream Data Mining Repository},
  howpublished = {\url{http://www.cse.fau.edu/~xqzhu/stream.html}}
},


@inproceedings{usenet,
  title={An Ensemble of Classifiers for coping with Recurring Contexts in Data Streams.},
  author={Katakis, Ioannis and Tsoumakas, Grigorios and Vlahavas, Ioannis P},
  booktitle={ECAI},
  pages={763--764},
  year={2008}
}

@inproceedings{usenetSource,
  title={An Ensemble of Classifiers for coping with Recurring Contexts in Data Streams.},
  author={Katakis, Ioannis and Tsoumakas, Grigorios and Vlahavas, Ioannis P},
  booktitle={ECAI},
  pages={763--764},
  year={2008}
}

@article{keren2014geometric,
  title={Geometric monitoring of heterogeneous streams},
  author={Keren, Daniel and Sagy, Guy and Abboud, Amir and Ben-David, David and Schuster, Assaf and Sharfman, Izchak and Deligiannakis, Antonios},
  journal={IEEE Transactions on Knowledge and Data Engineering},
  volume={26},
  number={8},
  pages={1890--1903},
  year={2014},
  publisher={IEEE}
}

@inproceedings{michel2005klee,
  title={Klee: A framework for distributed top-k query algorithms},
  author={Michel, Sebastian and Triantafillou, Peter and Weikum, Gerhard},
  booktitle={Proceedings of the 31st International Conference on Very Large Databases},
  pages={637--648},
  year={2005},
  organization={VLDB Endowment}
}

@inproceedings{shah2008handling,
  title={Handling non-linear polynomial queries over dynamic data},
  author={Shah, Shetal and Ramamritham, Krithi},
  booktitle={IEEE 24th International Conference on Data Engineering (ICDE)},
  pages={1043--1052},
  year={2008},
  organization={IEEE}
}

@inproceedings{huang2007communication,
  title={Communication-efficient online detection of network-wide anomalies},
  author={Huang, Ling and Nguyen, XuanLong and Garofalakis, Minos and Hellerstein, Joseph M and Jordan, Michael and Joseph, Anthony D and Taft, Nina and others},
  booktitle={INFOCOM 2007. 26th IEEE International Conference on Computer Communications  (INFOCOM)},
  pages={134--142},
  year={2007},
}

@article{sharfman2007geometric,
  title={A geometric approach to monitoring threshold functions over distributed data streams},
  author={Sharfman, Izchak and Schuster, Assaf and Keren, Daniel},
  journal={ACM Transactions on Database Systems (TODS)},
  volume={32},
  number={4},
  pages={23},
  year={2007},
  publisher={ACM}
}

@article{keren2012shape,
  title={Shape sensitive geometric monitoring},
  author={Keren, Daniel and Sharfman, Izchak and Schuster, Assaf and Livne, Avishay},
  journal={IEEE Transactions on Knowledge and Data Engineering},
  volume={24},
  number={8},
  pages={1520--1535},
  year={2012},
  publisher={IEEE}
}

@article{lazerson2015monitoring,
  title={Monitoring distributed streams using convex decompositions},
  author={Lazerson, Arnon and Sharfman, Izchak and Keren, Daniel and Schuster, Assaf and Garofalakis, Minos and Samoladas, Vasilis},
  journal={Proceedings of the VLDB Endowment},
  volume={8},
  number={5},
  pages={545--556},
  year={2015},
  publisher={VLDB Endowment}
}

@inproceedings{kashyap2008efficient,
  title={Efficient constraint monitoring using adaptive thresholds},
  author={Kashyap, Srinivas and Ramamirtham, Jeyashankher and Rastogi, Rajeev and Shukla, Pushpraj},
  booktitle={IEEE 24th International Conference on Data Engineering (ICDE)},
  pages={526--535},
  year={2008},
}

@inproceedings{keralapura2006communication,
  title={Communication-efficient distributed monitoring of thresholded counts},
  author={Keralapura, Ram and Cormode, Graham and Ramamirtham, Jeyashankher},
  booktitle={Proceedings of the SIGMOD International Conference on Management of Data},
  pages={289--300},
  year={2006},
  organization={ACM}
}

@inproceedings{wang2015concept,
  title={Concept drift detection for streaming data},
  author={Wang, Heng and Abraham, Zubin},
  booktitle={International Joint Conference on Neural Networks (IJCNN) },
  pages={1--9},
  year={2015},
  organization={IEEE}
}

@incollection{gama2004learning,
  title={Learning with drift detection},
  author={Gama, Joao and Medas, Pedro and Castillo, Gladys and Rodrigues, Pedro},
  booktitle={Advances in artificial intelligence--SBIA 2004},
  pages={286--295},
  year={2004},
  publisher={Springer}
}

@inproceedings{wang2013concept,
  title={Concept drift detection for online class imbalance learning},
  author={Wang, Shuo and Minku, Leandro L and Ghezzi, Diego and Caltabiano, Daniele and Tino, Peter and Yao, Xin},
  booktitle={International Joint Conference on Neural Networks (IJCNN)},
  pages={1--10},
  year={2013},
  organization={IEEE}
}

@inproceedings{baena2006early,
  title={Early drift detection method},
  author={Baena-Garc{\i}a, Manuel and del Campo-{\'A}vila, Jos{\'e} and Fidalgo, Ra{\'u}l and Bifet, Albert and Gavalda, R and Morales-Bueno, R},
  booktitle={Fourth International Workshop on Knowledge Discovery from Data Streams},
  volume={6},
  pages={77--86},
  year={2006}
}

@inproceedings{klinkenberg2000detecting,
  title={Detecting Concept Drift with Support Vector Machines.},
  author={Klinkenberg, Ralf and Joachims, Thorsten},
  booktitle={ICML},
  pages={487--494},
  year={2000}
}

@article{dries2009adaptive,
  title={Adaptive concept drift detection},
  author={Dries, Anton and R{\"u}ckert, Ulrich},
  journal={Statistical Analysis and Data Mining: The ASA Data Science Journal},
  volume={2},
  number={5-6},
  pages={311--327},
  year={2009},
  publisher={Wiley Online Library}
}

@inproceedings{wang2015concept,
  title={Concept drift detection for streaming data},
  author={Wang, Heng and Abraham, Zubin},
  booktitle={Neural Networks (IJCNN), 2015 International Joint Conference on},
  pages={1--9},
  year={2015},
  organization={IEEE}
}